@article{sobel,
  author = {Sobel, A.E.K. and Clarkson, M.R.},
  journal = {IEEE Transactions on Software Engineering},
  title = {Formal methods application: an empirical tale of software development
           },
  year = {2002},
  volume = {28},
  number = {3},
  pages = {308-320},
  doi = {10.1109/32.991322},
}
